paul@Paul-4-2021-M1.local.83130